@inproceedings{Pang:2002:TUS:1118693.1118704,
 author = {Pang, Bo and Lee, Lillian and Vaithyanathan, Shivakumar},
 title = {Thumbs Up?: Sentiment Classification Using Machine Learning Techniques},
 booktitle = {Proceedings of the ACL-02 Conference on Empirical Methods in Natural Language Processing - Volume 10},
 series = {EMNLP '02},
 year = {2002},
 pages = {79--86},
 numpages = {8},
 url = {http://dx.doi.org/10.3115/1118693.1118704},
 doi = {10.3115/1118693.1118704},
 acmid = {1118704},
 publisher = {Association for Computational Linguistics},
 address = {Stroudsburg, PA, USA},
}

@book{bird2009natural,
  title={Natural Language Processing with Python},
  author={Bird, S. and Klein, E. and Loper, E.},
  isbn={9780596555719},
  url={http://www.google.hr/books?id=KGIbfiiP1i4C},
  year={2009},
  publisher={O'Reilly Media}
}
@misc{dataset,
	author={Bo Pang and Lillian Lee},
	title={Sentiment polarity datasets},
	howpublished ={\url{https://www.cs.cornell.edu/people/pabo/movie-review-data/}}
}

@misc{stan,
	author={Siddharth Jain and Sushobhan Nayak},
	title={Sentiment Analysis of Movie Reviews: A Study of Features and Classifiers},
	howpublished={\url{http://www.stanford.edu/~nayaks/reportsFolder/cs221_report.pdf}}
}

@InProceedings{maas-EtAl:2011:ACL-HLT2011,
  author    = {Maas, Andrew L.  and  Daly, Raymond E.  and  Pham, Peter T.  and  Huang, Dan  and  Ng, Andrew Y.  and  Potts, Christopher},
  title     = {Learning Word Vectors for Sentiment Analysis},
  booktitle = {Proceedings of the 49th Annual Meeting of the Association for Computational Linguistics: Human Language Technologies},
  month     = {June},
  year      = {2011},
  address   = {Portland, Oregon, USA},
  publisher = {Association for Computational Linguistics},
  pages     = {142--150},
  url       = {http://www.aclweb.org/anthology/P11-1015}
}

@article{SaLAD:LAS,
	author={Vivek Narayanan and Ishan Arora and Arjun Bhatia},
	title={Fast and accurate sentiment classification using an enhanced Naive Bayes model},
	journal={ Intelligent Data Engineering and Automated Learning IDEAL 2013 Lecture Notes in Computer Science},
	volume={8206},
	year={2013},
	pages={194-201}
}
